% Пример оформления библиографии для ugost2003

% Книга
% Необходимые поля:
% - Название (title)
% - Автор(ы) (author, разделяются c помощью "and")
% - Город издательства (address)
% - Наименование издательства (publisher)
% - Год издания (year)
% - Общее кол-во страниц (numpages, опционально, либо везде ставить, либо нет)
% Пример оформления русской книги

% Статья
% Необходимые поля:
% - Название статьи (title)
% - Автор(ы) (author, разделяются c помощью "and")
% - Название журнала (journal)
% - Идентификационные данные (хотя бы одно из):
%   - Том (volume)
%   - Номер (number)
%   - Выпуск
% - Год издания (year)
% - Страницы (диапазон в журнале) (pages)
%     Замеч.: страницы всегда оформляются интервалом даже если статья на одну страницу


% Электронный ресурс
% Необходимые поля:
% - URL (url)
% - Заголовок с экрана (title)
% - Дата обращения (urldate, не позднее официальной даты сдачи работы)
% - Язык заголовка с экрана (note)
% Для электронных ресурсов лучше оставлять language = {russian}
% вне зависимости от реального языка источника


@online{docs-vs-cpp-cli,
  title = {Creating a Windows Forms Application By Using the .NET Framework (C++)},
  url = {https://learn.microsoft.com/ru-ru/previous-versions/visualstudio/visual-studio-2010/ms235634(v=vs.100)},
  urldate = {04.01.2025},
  language = {russian}
}

@online{factorial-calculation,
  title = {Рекурсивное вычисление факториала числа},
  url = {https://foxford.ru/wiki/informatika/rekursivnoe-vychislenie-faktoriala-chisla},
  urldate = {04.01.2025},
  language = {russian}
}
